% This file was created with JabRef 2.9.2.
% Encoding: Cp1252

@ARTICLE{article,
  author = {Peter Adams},
  title = {The title of the work},
  journal = {The name of the journal},
  year = {1993},
  volume = {4},
  pages = {201-213},
  number = {2},
  month = {7},
  note = {An optional note}
}

@BOOK{book,
  title = {The title of the work},
  publisher = {The name of the publisher},
  year = {1993},
  author = {Peter Babington},
  volume = {4},
  series = {10},
  address = {The address},
  edition = {3},
  month = {7},
  note = {An optional note},
  isbn = {3257227892}
}

@BOOKLET{booklet,
  title = {The title of the work},
  author = {Peter Caxton},
  howpublished = {How it was published},
  address = {The address of the publisher},
  month = {7},
  year = {1993},
  note = {An optional note}
}

@CONFERENCE{conference,
  author = {Peter Draper},
  title = {The title of the work},
  booktitle = {The title of the book},
  year = {1993},
  editor = {The editor},
  volume = {4},
  series = {5},
  pages = {213},
  address = {The address of the publisher},
  month = {7},
  organization = {The organization},
  publisher = {The publisher},
  note = {An optional note}
}

@INBOOK{inbook,
  chapter = {8},
  pages = {201-213},
  title = {The title of the work},
  publisher = {The name of the publisher},
  year = {1993},
  author = {Peter Eston},
  volume = {4},
  series = {5},
  address = {The address of the publisher},
  edition = {3},
  month = {7},
  note = {An optional note}
}

@INCOLLECTION{incollection,
  author = {Peter Farindon},
  title = {The title of the work},
  booktitle = {The title of the book},
  publisher = {The name of the publisher},
  year = {1993},
  editor = {The editor},
  volume = {4},
  series = {5},
  chapter = {8},
  pages = {201-213},
  address = {The address of the publisher},
  edition = {3},
  month = {7},
  note = {An optional note}
}

@INPROCEEDINGS{inproceedings,
  author = {Peter Gainsford},
  title = {The title of the work},
  booktitle = {The title of the book},
  year = {1969},
  editor = {The editor},
  volume = {3},
  number = {4},
  series = {5},
  pages = {6},
  address = {The address of the publisher},
  month = {7},
  organization = {The organization},
  publisher = {The publisher},
  note = {An optional note}
}

@MANUAL{manual,
  title = {The title of the work},
  author = {Peter Harwood},
  organization = {The organization},
  address = {The address of the publisher},
  edition = {3},
  month = {7},
  year = {1993},
  note = {An optional note}
}

@MASTERSTHESIS{mastersthesis,
  author = {Peter Isley},
  title = {The title of the work},
  school = {The school where the thesis was written},
  year = {1993},
  address = {The address of the publisher},
  month = {7},
  note = {An optional note}
}

@MISC{misc,
  author = {Peter Joslin},
  title = {The title of the work},
  howpublished = {How it was published},
  month = {7},
  year = {1993},
  note = {An optional note}
}

@PHDTHESIS{phdthesis,
  author = {Peter Kidwelly},
  title = {The title of the work},
  school = {The school where the thesis was written},
  year = {1993},
  address = {The address of the publisher},
  month = {7},
  note = {An optional note}
}

@TECHREPORT{techreport,
  author = {Peter Marcheford},
  title = {The title of the work},
  institution = {The institution that published},
  year = {1993},
  number = {2},
  address = {The address of the publisher},
  month = {7},
  note = {An optional note}
}

@UNPUBLISHED{unpublished,
  author = {Peter Newman},
  title = {The title of the work},
  note = {An optional note},
  month = {7},
  year = {1993}
}

@MASTERSTHESIS{bachelorsthesis,
  author = {Peter Olsen},
  title = {The title of the work},
  school = {The school where the thesis was written},
  year = {1993},
  type = {{Bachelor's thesis}},
  address = {The address of the publisher},
  month = {7},
  note = {An optional note}
}

@PROCEEDINGS{proceedings,
  title = {The title of the work},
  year = {1993},
  editor = {Peter Lambert},
  volume = {4},
  series = {5},
  address = {The address of the publisher},
  publisher = {The name of the publisher},
  note = {An optional note},
  month = {7},
  organization = {The organization}
}

